[gd_scene load_steps=13 format=2]

[ext_resource path="res://Markdown/MarkdownLabel/markdown_label.gd" type="Script" id=1]
[ext_resource path="res://Markdown/Fonts/Noto/NotoSans-Regular.ttf" type="DynamicFontData" id=2]
[ext_resource path="res://Markdown/Fonts/Noto/NotoSans-Italic.ttf" type="DynamicFontData" id=3]
[ext_resource path="res://Markdown/Fonts/Noto/NotoSans-Bold.ttf" type="DynamicFontData" id=4]
[ext_resource path="res://Markdown/Fonts/Noto/NotoSans-BoldItalic.ttf" type="DynamicFontData" id=5]
[ext_resource path="res://Markdown/Fonts/Noto/NotoSans-Mono.ttf" type="DynamicFontData" id=6]

[sub_resource type="DynamicFont" id=1]
font_data = ExtResource( 4 )

[sub_resource type="DynamicFont" id=2]
font_data = ExtResource( 5 )

[sub_resource type="DynamicFont" id=3]
font_data = ExtResource( 3 )

[sub_resource type="DynamicFont" id=6]
font_data = ExtResource( 6 )

[sub_resource type="DynamicFont" id=4]
font_data = ExtResource( 2 )

[sub_resource type="Theme" id=5]
RichTextLabel/fonts/bold_font = SubResource( 1 )
RichTextLabel/fonts/bold_italics_font = SubResource( 2 )
RichTextLabel/fonts/italics_font = SubResource( 3 )
RichTextLabel/fonts/mono_font = SubResource( 6 )
RichTextLabel/fonts/normal_font = SubResource( 4 )

[node name="MarkDownLabel" type="RichTextLabel"]
margin_right = 453.0
margin_bottom = 306.0
theme = SubResource( 5 )
bbcode_enabled = true
bbcode_text = "[b][i]test[/b][/i]"
text = "test[/b]"
script = ExtResource( 1 )
__meta__ = {
"_editor_description_": "Basic Markdown Converter. Supports:
- Headers
- Italics Text
- Bold Text
- Monospace text
- Strikethrough"
}
